
</collection>
                ]]>
            </content>
            <!--optional -->
            <additionalAttributes>
                <dateEntered></dateEntered>
                <lastUpdated></lastUpdated>
                <fastAddFlag></fastAddFlag>
                <supressFromPublic></supressFromPublic>
                <harvestable></harvestable>
                <status></status>
            </additionalAttributes>
            <linkedIngestDocuments>
                <linkedIngestDocument id="1001" category="work" type="instance" format="oleml">
                    <content><![CDATA[
        <ole:instanceCollection xmlns:ole="http://ole.kuali.org/standards/ole-instance">
  <!--1 or more repetitions:-->
  <ole:instance>
    <ole:instanceIdentifier></ole:instanceIdentifier>
    <!--Zero or more repetitions:-->
    <ole:formerResourceIdentifier>
      <ole:identifier source="string">
        <ole:identifierValue></ole:identifierValue>
      </ole:identifier>
      <ole:identifierType></ole:identifierType>
    </ole:formerResourceIdentifier>
    <ole:oleHoldings primary="string">
      <ole:holdingsIdentifier></ole:holdingsIdentifier>
      <!--Zero or more repetitions:-->
      <ole:extentOfOwnership>
        <ole:textualHoldings></ole:textualHoldings>
        <!--Zero or more repetitions:-->
        <ole:note type="string"></ole:note>
        <ole:type></ole:type>
      </ole:extentOfOwnership>
      <ole:receiptStatus></ole:receiptStatus>
      <!--Zero or more repetitions:-->
      <ole:uri resolvable="string"></ole:uri>
      <!--Zero or more repetitions:-->
      <ole:note type="string"></ole:note>
	  	<ole:location>
        <ole:locationLevel>
          <ole:name>B-FINEARTS</ole:name>
          <ole:level>Library</ole:level>
		    <ole:locationLevel>
		     <ole:name>BH-WRIGHT</ole:name>
             <ole:level>Collection</ole:level>
			    <ole:locationLevel>
			       <ole:name>I-DENTSTRY</ole:name>
                   <ole:level>SHELVING</ole:level>
			    </ole:locationLevel>
		    </ole:locationLevel>
		  </ole:locationLevel>
		</ole:location>
      <ole:extension displayLabel="string">
        <!--You may enter ANY elements at this point-->
        <AnyElement/>
      </ole:extension>
      <ole:callNumber>
        <ole:type></ole:type>
        <ole:prefix></ole:prefix>
        <ole:number>BL1899 .J68</ole:number>
        <ole:classificationPart></ole:classificationPart>
        <ole:itemPart></ole:itemPart>
        <ole:shelvingScheme>
          <ole:codeValue>LCC</ole:codeValue>
          <ole:fullValue>LC-Library of Congress</ole:fullValue>
          <ole:typeOrSource>
            <ole:pointer></ole:pointer>
            <ole:text></ole:text>
          </ole:typeOrSource>
        </ole:shelvingScheme>
        <ole:shelvingOrder>
          <ole:codeValue></ole:codeValue>
          <ole:fullValue></ole:fullValue>
          <ole:typeOrSource>
            <ole:pointer></ole:pointer>
            <ole:text></ole:text>
          </ole:typeOrSource>
        </ole:shelvingOrder>
      </ole:callNumber>
    </ole:oleHoldings>
    <ole:items>
      <!--1 or more repetitions:-->
      <ole:item analytic="string" resourceIdentifier="string">
        <ole:itemIdentifier></ole:itemIdentifier>
        <ole:purchaseOrderLineItemIdentifier></ole:purchaseOrderLineItemIdentifier>
        <ole:vendorLineItemIdentifier></ole:vendorLineItemIdentifier>
        <ole:accessInformation>
          <ole:barcode></ole:barcode>
          <ole:uri resolvable="string"></ole:uri>
        </ole:accessInformation>
        <ole:barcodeARSL></ole:barcodeARSL>
        <!--Zero or more repetitions:-->
        <ole:formerIdentifier>
          <ole:identifier source="string">
            <ole:identifierValue></ole:identifierValue>
          </ole:identifier>
          <ole:identifierType></ole:identifierType>
        </ole:formerIdentifier>
        <!--Zero or more repetitions:-->
        <ole:statisticalSearchingCode>
          <ole:codeValue></ole:codeValue>
          <ole:fullValue></ole:fullValue>
          <ole:typeOrSource>
            <ole:pointer></ole:pointer>
            <ole:text></ole:text>
          </ole:typeOrSource>
        </ole:statisticalSearchingCode>
        <ole:itemType>
          <ole:fullValue></ole:fullValue>
          <ole:typeOrSource>
            <ole:pointer></ole:pointer>
            <ole:text></ole:text>
          </ole:typeOrSource>
        </ole:itemType>
        <!--Optional:-->

	<ole:location>
        <ole:locationLevel>
          <ole:name>B-AAAMC</ole:name>
          <ole:level>Library</ole:level>
		    <ole:locationLevel>
		     <ole:name>ONLINE</ole:name>
             <ole:level>Collection</ole:level>
			    <ole:locationLevel>
			       <ole:name>Stacks</ole:name>
                   <ole:level>B-CEDIR</ole:level>
			    </ole:locationLevel>
		    </ole:locationLevel>
		  </ole:locationLevel>
		</ole:location>


        <ole:copyNumber></ole:copyNumber>
        <ole:copyNumberLabel></ole:copyNumberLabel>
        <ole:volumeNumber></ole:volumeNumber>
        <ole:volumeNumberLabel></ole:volumeNumberLabel>
        <ole:note type="string"></ole:note>
        <ole:enumeration>v.1</ole:enumeration>
        <ole:chronology>2012</ole:chronology>
        <ole:temporaryItemType>
          <ole:codeValue></ole:codeValue>
          <ole:fullValue></ole:fullValue>
          <ole:typeOrSource>
            <ole:pointer></ole:pointer>
            <ole:text></ole:text>
          </ole:typeOrSource>
        </ole:temporaryItemType>
        <ole:fund></ole:fund>
        <ole:donorPublicDisplay></ole:donorPublicDisplay>
        <ole:donorNote></ole:donorNote>
        <ole:callNumber>
          <ole:type></ole:type>
          <ole:prefix></ole:prefix>
          <ole:number></ole:number>
          <ole:classificationPart></ole:classificationPart>
          <ole:itemPart></ole:itemPart>
          <ole:shelvingScheme>
            <ole:codeValue></ole:codeValue>
            <ole:fullValue></ole:fullValue>
            <ole:typeOrSource>
              <ole:pointer></ole:pointer>
              <ole:text></ole:text>
            </ole:typeOrSource>
          </ole:shelvingScheme>
          <ole:shelvingOrder>
            <ole:codeValue></ole:codeValue>
            <ole:fullValue></ole:fullValue>
            <ole:typeOrSource>
              <ole:pointer></ole:pointer>
              <ole:text></ole:text>
            </ole:typeOrSource>
          </ole:shelvingOrder>
        </ole:callNumber>
        <ole:price></ole:price>
        <ole:numberOfPieces></ole:numberOfPieces>
        <ole:itemStatus></ole:itemStatus>
        <ole:itemStatusEffectiveDate></ole:itemStatusEffectiveDate>
        <ole:checkinNote></ole:checkinNote>
        <ole:staffOnlyFlag></ole:staffOnlyFlag>
        <ole:fastAddFlag></ole:fastAddFlag>
        <ole:extension displayLabel="string">
          <!--You may enter ANY elements at this point-->
          <AnyElement/>
        </ole:extension>
      </ole:item>
    </ole:items>
    <ole:extension displayLabel="string">
      <!--You may enter ANY elements at this point-->
      <AnyElement/>
    </ole:extension>
  </ole:instance>
</ole:instanceCollection>
			               ]]>
                    </content>
                    <additionalAttributes></additionalAttributes>
                    <linkedIngestDocuments></linkedIngestDocuments>
                </linkedIngestDocument>
            </linkedIngestDocuments>
        </ingestDocument>
        <ingestDocument id="2" category="work" type="bibliographic" format="marc">
            <content><![CDATA[

			<collection xmlns="http://www.loc.gov/MARC21/slim">
    <record>
        <leader>ocm76911010</leader>
        <controlfield tag="003">OCoLC</controlfield>
        <controlfield tag="005">20070425085333.8</controlfield>
		<controlfield tag="008">061123c20069999stkar 0 0eng d</controlfield>
        <datafield tag="010" ind1=" " ind2=" ">
            <subfield code="a">2007255154</subfield>
        </datafield>
          <datafield tag="035" ind1=" " ind2=" ">
            <subfield code="a">(OCoLC)ocm76911010</subfield>
        </datafield>
        <datafield tag="040" ind1=" " ind2=" ">
             <subfield code="a">EQO</subfield>
			 <subfield code="c">EQO</subfield>
			 <subfield code="d">ZCU</subfield>
			 <subfield code="d">IUL</subfield>
        </datafield>
         <datafield tag="022" ind1=" " ind2=" ">
            <subfield code="a">1752-0320</subfield>
        </datafield>
        <datafield tag="042" ind1="1" ind2=" ">
            <subfield code="a">lcd</subfield>
        </datafield>
        <datafield tag="050" ind1="1" ind2="4">
            <subfield code="a">Z1008|b.E35</subfield>
        </datafield>
        <datafield tag="049" ind1=" " ind2=" ">
            <subfield code="a">IULA</subfield>
            <subfield code="d">1860-1904.</subfield>
        </datafield>
        <datafield tag="245" ind1="0" ind2="0">
            <subfield code="a">Journal of the Edinburgh Bibliographical Society.</subfield>
            <subfield code="l"> English.</subfield>
        </datafield>
         <datafield tag="260" ind1=" " ind2=" ">
            <subfield code="a">Edinburgh :</subfield>
			<subfield code="b">Edinburgh Bibliographical Society,</subfield>
			<subfield code="c">2006-</subfield>
        </datafield>
          <datafield tag="250" ind1=" " ind2=" ">
            <subfield code="a">Rev. ed.</subfield>
        </datafield>
         <datafield tag="300" ind1=" " ind2=" ">
            <subfield code="a">v. :</subfield>
			<subfield code="b">col. ill. ;</subfield>
			<subfield code="c">c24 cm.</subfield>
        </datafield>
         <datafield tag="310" ind1=" " ind2=" ">
            <subfield code="a">Annual</subfield>
        </datafield>
         <datafield tag="362" ind1="0" ind2=" ">
            <subfield code="a">No. 1 (2006)-</subfield>
        </datafield>
         <datafield tag="650" ind1="0" ind2=" ">
            <subfield code="a">Bibliography|vPeriodicals.</subfield>
            <subfield code="d">1936-</subfield>
        </datafield>
        <datafield tag="710" ind1="2" ind2=" ">
            <subfield code="a">Edinburgh Bibliographical Society.</subfield>
        </datafield>
        <datafield tag="780" ind1="0" ind2="0">
            <subfield code="a">|tEdinburgh Bibliographical Society transactions|x0140-7082|w(DLC)sn 85006963|w(OCoLC)1567477</subfield>
        </datafield>
		<datafield tag="891" ind1="2" ind2="0">
            <subfield code="a">|9853|81</subfield>
			<subfield code="a">no.</subfield>
			<subfield code="i">(year)</subfield>
			<subfield code="w">a</subfield>
        </datafield>
		<datafield tag="891" ind1="4" ind2="1">
            <subfield code="a">|9863|81.1</subfield>
			<subfield code="a">1</subfield>
			<subfield code="i">2006</subfield>
        </datafield>
		<datafield tag="891" ind1=" " ind2=" ">
            <subfield code="a">|9863|81.1</subfield>
			<subfield code="a">1</subfield>
			<subfield code="i">2006</subfield>
        </datafield>
		<datafield tag="035" ind1=" " ind2=" ">
            <subfield code="a">(OCoLC)ocm76911010</subfield>
        </datafield>
		<datafield tag="596" ind1=" " ind2=" ">
            <subfield code="a">1</subfield>
        </datafield>
    </record>