
</collection>
                ]]>
            </content>
            <!--optional -->
            <additionalAttributes>
                <dateEntered></dateEntered>
                <lastUpdated></lastUpdated>
                <fastAddFlag></fastAddFlag>
                <supressFromPublic></supressFromPublic>
                <harvestable></harvestable>
                <status></status>
            </additionalAttributes>
            <linkedIngestDocuments>
                <linkedIngestDocument id="1001" category="work" type="instance" format="oleml">
                    <content><![CDATA[
        <ole:instanceCollection xmlns:ole="http://ole.kuali.org/standards/ole-instance">
  <!--1 or more repetitions:-->
  <ole:instance>
    <ole:instanceIdentifier></ole:instanceIdentifier>
    <!--Zero or more repetitions:-->
    <ole:formerResourceIdentifier>
      <ole:identifier source="string">
        <ole:identifierValue></ole:identifierValue>
      </ole:identifier>
      <ole:identifierType></ole:identifierType>
    </ole:formerResourceIdentifier>
    <ole:oleHoldings primary="string">
      <ole:holdingsIdentifier></ole:holdingsIdentifier>
      <!--Zero or more repetitions:-->
      <ole:extentOfOwnership>
        <ole:textualHoldings></ole:textualHoldings>
        <!--Zero or more repetitions:-->
        <ole:note type="string"></ole:note>
        <ole:type></ole:type>
      </ole:extentOfOwnership>
      <ole:receiptStatus></ole:receiptStatus>
      <!--Zero or more repetitions:-->
      <ole:uri resolvable="string"></ole:uri>
      <!--Zero or more repetitions:-->
      <ole:note type="string"></ole:note>
	  	<ole:location>
        <ole:locationLevel>
          <ole:name>COLUMBUS</ole:name>
          <ole:level>Library</ole:level>
		    <ole:locationLevel>
		     <ole:name>BH-WILLKIE</ole:name>
             <ole:level>Collection</ole:level>
			    <ole:locationLevel>
			       <ole:name>I-UNIVLIB</ole:name>
                   <ole:level>SHELVING</ole:level>
			    </ole:locationLevel>
		    </ole:locationLevel>
		  </ole:locationLevel>
		</ole:location>
      <ole:extension displayLabel="string">
        <!--You may enter ANY elements at this point-->
        <AnyElement/>
      </ole:extension>
      <ole:callNumber>
        <ole:type></ole:type>
        <ole:prefix></ole:prefix>
        <ole:number>BV5077.G7 A13</ole:number>
        <ole:classificationPart></ole:classificationPart>
        <ole:itemPart></ole:itemPart>
        <ole:shelvingScheme>
          <ole:codeValue>LCC</ole:codeValue>
          <ole:fullValue>LC-Library of Congress</ole:fullValue>
          <ole:typeOrSource>
            <ole:pointer></ole:pointer>
            <ole:text></ole:text>
          </ole:typeOrSource>
        </ole:shelvingScheme>
        <ole:shelvingOrder>
          <ole:codeValue></ole:codeValue>
          <ole:fullValue></ole:fullValue>
          <ole:typeOrSource>
            <ole:pointer></ole:pointer>
            <ole:text></ole:text>
          </ole:typeOrSource>
        </ole:shelvingOrder>
      </ole:callNumber>
    </ole:oleHoldings>
    <ole:items>
      <!--1 or more repetitions:-->
      <ole:item analytic="string" resourceIdentifier="string">
        <ole:itemIdentifier></ole:itemIdentifier>
        <ole:purchaseOrderLineItemIdentifier></ole:purchaseOrderLineItemIdentifier>
        <ole:vendorLineItemIdentifier></ole:vendorLineItemIdentifier>
        <ole:accessInformation>
          <ole:barcode></ole:barcode>
          <ole:uri resolvable="string"></ole:uri>
        </ole:accessInformation>
        <ole:barcodeARSL></ole:barcodeARSL>
        <!--Zero or more repetitions:-->
        <ole:formerIdentifier>
          <ole:identifier source="string">
            <ole:identifierValue></ole:identifierValue>
          </ole:identifier>
          <ole:identifierType></ole:identifierType>
        </ole:formerIdentifier>
        <!--Zero or more repetitions:-->
        <ole:statisticalSearchingCode>
          <ole:codeValue></ole:codeValue>
          <ole:fullValue></ole:fullValue>
          <ole:typeOrSource>
            <ole:pointer></ole:pointer>
            <ole:text></ole:text>
          </ole:typeOrSource>
        </ole:statisticalSearchingCode>
        <ole:itemType>
          <ole:fullValue></ole:fullValue>
          <ole:typeOrSource>
            <ole:pointer></ole:pointer>
            <ole:text></ole:text>
          </ole:typeOrSource>
        </ole:itemType>
        <!--Optional:-->
	<ole:location>
        <ole:locationLevel>
          <ole:name>I-ART</ole:name>
          <ole:level>Library</ole:level>
		    <ole:locationLevel>
		     <ole:name>SBENDLRC</ole:name>
             <ole:level>Collection</ole:level>
			    <ole:locationLevel>
			       <ole:name>B-BUSSPEA</ole:name>
                   <ole:level>SHELVING</ole:level>
			    </ole:locationLevel>
		    </ole:locationLevel>
		  </ole:locationLevel>
		</ole:location>
        <ole:copyNumber></ole:copyNumber>
        <ole:copyNumberLabel></ole:copyNumberLabel>
        <ole:volumeNumber></ole:volumeNumber>
        <ole:volumeNumberLabel></ole:volumeNumberLabel>
        <ole:note type="string"></ole:note>
        <ole:enumeration>v.36</ole:enumeration>
        <ole:chronology>2010</ole:chronology>
        <ole:temporaryItemType>
          <ole:codeValue></ole:codeValue>
          <ole:fullValue></ole:fullValue>
          <ole:typeOrSource>
            <ole:pointer></ole:pointer>
            <ole:text></ole:text>
          </ole:typeOrSource>
        </ole:temporaryItemType>
        <ole:fund></ole:fund>
        <ole:donorPublicDisplay></ole:donorPublicDisplay>
        <ole:donorNote></ole:donorNote>
        <ole:callNumber>
          <ole:type></ole:type>
          <ole:prefix></ole:prefix>
          <ole:number></ole:number>
          <ole:classificationPart></ole:classificationPart>
          <ole:itemPart></ole:itemPart>
          <ole:shelvingScheme>
            <ole:codeValue></ole:codeValue>
            <ole:fullValue></ole:fullValue>
            <ole:typeOrSource>
              <ole:pointer></ole:pointer>
              <ole:text></ole:text>
            </ole:typeOrSource>
          </ole:shelvingScheme>
          <ole:shelvingOrder>
            <ole:codeValue></ole:codeValue>
            <ole:fullValue></ole:fullValue>
            <ole:typeOrSource>
              <ole:pointer></ole:pointer>
              <ole:text></ole:text>
            </ole:typeOrSource>
          </ole:shelvingOrder>
        </ole:callNumber>
        <ole:price></ole:price>
        <ole:numberOfPieces></ole:numberOfPieces>
        <ole:itemStatus></ole:itemStatus>
        <ole:itemStatusEffectiveDate></ole:itemStatusEffectiveDate>
        <ole:checkinNote></ole:checkinNote>
        <ole:staffOnlyFlag></ole:staffOnlyFlag>
        <ole:fastAddFlag></ole:fastAddFlag>
        <ole:extension displayLabel="string">
          <!--You may enter ANY elements at this point-->
          <AnyElement/>
        </ole:extension>
      </ole:item>
	 </ole:items>
    <ole:extension displayLabel="string">
      <!--You may enter ANY elements at this point-->
      <AnyElement/>
    </ole:extension>
  </ole:instance>
</ole:instanceCollection>
                ]]>
                    </content>
                    <additionalAttributes></additionalAttributes>
                    <linkedIngestDocuments></linkedIngestDocuments>
                </linkedIngestDocument>
                <linkedIngestDocument id="1002" category="work" type="instance" format="oleml">
                    <content><![CDATA[
        <ole:instanceCollection xmlns:ole="http://ole.kuali.org/standards/ole-instance">
  <!--1 or more repetitions:-->
  <ole:instance>
    <ole:instanceIdentifier></ole:instanceIdentifier>
    <!--Zero or more repetitions:-->
    <ole:formerResourceIdentifier>
      <ole:identifier source="string">
        <ole:identifierValue></ole:identifierValue>
      </ole:identifier>
      <ole:identifierType></ole:identifierType>
    </ole:formerResourceIdentifier>
    <ole:oleHoldings primary="string">
      <ole:holdingsIdentifier></ole:holdingsIdentifier>
      <!--Zero or more repetitions:-->
      <ole:extentOfOwnership>
        <ole:textualHoldings></ole:textualHoldings>
        <!--Zero or more repetitions:-->
        <ole:note type="string"></ole:note>
        <ole:type></ole:type>
      </ole:extentOfOwnership>
      <ole:receiptStatus></ole:receiptStatus>
      <!--Zero or more repetitions:-->
      <ole:uri resolvable="string"></ole:uri>
      <!--Zero or more repetitions:-->
      <ole:note type="string"></ole:note>
	  	<ole:location>
        <ole:locationLevel>
          <ole:name>Wells Library</ole:name>
          <ole:level>Library</ole:level>
		    <ole:locationLevel>
		     <ole:name>Research Collection</ole:name>
             <ole:level>Collection</ole:level>
			    <ole:locationLevel>
			       <ole:name>Stacks</ole:name>
                   <ole:level>SHELVING</ole:level>
			    </ole:locationLevel>
		    </ole:locationLevel>
		  </ole:locationLevel>
		</ole:location>
      <ole:extension displayLabel="string">
        <!--You may enter ANY elements at this point-->
        <AnyElement/>
      </ole:extension>
      <ole:callNumber>
        <ole:type></ole:type>
        <ole:prefix></ole:prefix>
        <ole:number>HV701 .J68 v.4,no.1-2 2007</ole:number>
        <ole:classificationPart></ole:classificationPart>
        <ole:itemPart></ole:itemPart>
        <ole:shelvingScheme>
          <ole:codeValue>LCC</ole:codeValue>
          <ole:fullValue>LC-Library of Congress</ole:fullValue>
          <ole:typeOrSource>
            <ole:pointer></ole:pointer>
            <ole:text></ole:text>
          </ole:typeOrSource>
        </ole:shelvingScheme>
        <ole:shelvingOrder>
          <ole:codeValue></ole:codeValue>
          <ole:fullValue></ole:fullValue>
          <ole:typeOrSource>
            <ole:pointer></ole:pointer>
            <ole:text></ole:text>
          </ole:typeOrSource>
        </ole:shelvingOrder>
      </ole:callNumber>
    </ole:oleHoldings>
    <ole:items>
      <!--1 or more repetitions:-->
     <ole:item analytic="string" resourceIdentifier="string">
        <ole:itemIdentifier></ole:itemIdentifier>
        <ole:purchaseOrderLineItemIdentifier></ole:purchaseOrderLineItemIdentifier>
        <ole:vendorLineItemIdentifier></ole:vendorLineItemIdentifier>
        <ole:accessInformation>
          <ole:barcode></ole:barcode>
          <ole:uri resolvable="string"></ole:uri>
        </ole:accessInformation>
        <ole:barcodeARSL></ole:barcodeARSL>
        <!--Zero or more repetitions:-->
        <ole:formerIdentifier>
          <ole:identifier source="string">
            <ole:identifierValue></ole:identifierValue>
          </ole:identifier>
          <ole:identifierType></ole:identifierType>
        </ole:formerIdentifier>
        <!--Zero or more repetitions:-->
        <ole:statisticalSearchingCode>
          <ole:codeValue></ole:codeValue>
          <ole:fullValue></ole:fullValue>
          <ole:typeOrSource>
            <ole:pointer></ole:pointer>
            <ole:text></ole:text>
          </ole:typeOrSource>
        </ole:statisticalSearchingCode>
        <ole:itemType>
          <ole:fullValue></ole:fullValue>
          <ole:typeOrSource>
            <ole:pointer></ole:pointer>
            <ole:text></ole:text>
          </ole:typeOrSource>
        </ole:itemType>
        <!--Optional:-->

	<ole:location>
        <ole:locationLevel>
          <ole:name>B-CYCLOTRN</ole:name>
          <ole:level>Library</ole:level>
		    <ole:locationLevel>
		     <ole:name>B-CHEM</ole:name>
             <ole:level>Collection</ole:level>
			    <ole:locationLevel>
			       <ole:name>I-LAW</ole:name>
                   <ole:level>SHELVING</ole:level>
			    </ole:locationLevel>
		    </ole:locationLevel>
		  </ole:locationLevel>
		</ole:location>


        <ole:copyNumber>no.1</ole:copyNumber>
        <ole:copyNumberLabel></ole:copyNumberLabel>
        <ole:volumeNumber></ole:volumeNumber>
        <ole:volumeNumberLabel></ole:volumeNumberLabel>
        <ole:note type="string"></ole:note>
        <ole:enumeration>v.1</ole:enumeration>
        <ole:chronology>2004</ole:chronology>
        <ole:temporaryItemType>
          <ole:codeValue></ole:codeValue>
          <ole:fullValue></ole:fullValue>
          <ole:typeOrSource>
            <ole:pointer></ole:pointer>
            <ole:text></ole:text>
          </ole:typeOrSource>
        </ole:temporaryItemType>
        <ole:fund></ole:fund>
        <ole:donorPublicDisplay></ole:donorPublicDisplay>
        <ole:donorNote></ole:donorNote>
        <ole:callNumber>
          <ole:type></ole:type>
          <ole:prefix></ole:prefix>
          <ole:number></ole:number>
          <ole:classificationPart></ole:classificationPart>
          <ole:itemPart></ole:itemPart>
          <ole:shelvingScheme>
            <ole:codeValue></ole:codeValue>
            <ole:fullValue></ole:fullValue>
            <ole:typeOrSource>
              <ole:pointer></ole:pointer>
              <ole:text></ole:text>
            </ole:typeOrSource>
          </ole:shelvingScheme>
          <ole:shelvingOrder>
            <ole:codeValue></ole:codeValue>
            <ole:fullValue></ole:fullValue>
            <ole:typeOrSource>
              <ole:pointer></ole:pointer>
              <ole:text></ole:text>
            </ole:typeOrSource>
          </ole:shelvingOrder>
        </ole:callNumber>
        <ole:price></ole:price>
        <ole:numberOfPieces></ole:numberOfPieces>
        <ole:itemStatus></ole:itemStatus>
        <ole:itemStatusEffectiveDate></ole:itemStatusEffectiveDate>
        <ole:checkinNote></ole:checkinNote>
        <ole:staffOnlyFlag></ole:staffOnlyFlag>
        <ole:fastAddFlag></ole:fastAddFlag>
        <ole:extension displayLabel="string">
          <!--You may enter ANY elements at this point-->
          <AnyElement/>
        </ole:extension>
      </ole:item>
	  <ole:item analytic="string" resourceIdentifier="string">
        <ole:itemIdentifier></ole:itemIdentifier>
        <ole:purchaseOrderLineItemIdentifier></ole:purchaseOrderLineItemIdentifier>
        <ole:vendorLineItemIdentifier></ole:vendorLineItemIdentifier>
        <ole:accessInformation>
          <ole:barcode></ole:barcode>
          <ole:uri resolvable="string"></ole:uri>
        </ole:accessInformation>
        <ole:barcodeARSL></ole:barcodeARSL>
        <!--Zero or more repetitions:-->
        <ole:formerIdentifier>
          <ole:identifier source="string">
            <ole:identifierValue></ole:identifierValue>
          </ole:identifier>
          <ole:identifierType></ole:identifierType>
        </ole:formerIdentifier>
        <!--Zero or more repetitions:-->
        <ole:statisticalSearchingCode>
          <ole:codeValue></ole:codeValue>
          <ole:fullValue></ole:fullValue>
          <ole:typeOrSource>
            <ole:pointer></ole:pointer>
            <ole:text></ole:text>
          </ole:typeOrSource>
        </ole:statisticalSearchingCode>
        <ole:itemType>
          <ole:fullValue></ole:fullValue>
          <ole:typeOrSource>
            <ole:pointer></ole:pointer>
            <ole:text></ole:text>
          </ole:typeOrSource>
        </ole:itemType>
        <!--Optional:-->
	<ole:location>
        <ole:locationLevel>
          <ole:name>BH-WILLKIE</ole:name>
          <ole:level>Library</ole:level>
		    <ole:locationLevel>
		     <ole:name>BH-DREISER</ole:name>
             <ole:level>Collection</ole:level>
			    <ole:locationLevel>
			       <ole:name>I-UNIVLIB</ole:name>
                   <ole:level>SHELVING</ole:level>
			    </ole:locationLevel>
		    </ole:locationLevel>
		  </ole:locationLevel>
		</ole:location>
        <ole:copyNumber></ole:copyNumber>
        <ole:copyNumberLabel></ole:copyNumberLabel>
        <ole:volumeNumber></ole:volumeNumber>
        <ole:volumeNumberLabel></ole:volumeNumberLabel>
        <ole:note type="string"></ole:note>
        <ole:enumeration>v.1</ole:enumeration>
        <ole:chronology>2006</ole:chronology>
        <ole:temporaryItemType>
          <ole:codeValue></ole:codeValue>
          <ole:fullValue></ole:fullValue>
          <ole:typeOrSource>
            <ole:pointer></ole:pointer>
            <ole:text></ole:text>
          </ole:typeOrSource>
        </ole:temporaryItemType>
        <ole:fund></ole:fund>
        <ole:donorPublicDisplay></ole:donorPublicDisplay>
        <ole:donorNote></ole:donorNote>
        <ole:callNumber>
          <ole:type></ole:type>
          <ole:prefix></ole:prefix>
          <ole:number></ole:number>
          <ole:classificationPart></ole:classificationPart>
          <ole:itemPart></ole:itemPart>
          <ole:shelvingScheme>
            <ole:codeValue></ole:codeValue>
            <ole:fullValue></ole:fullValue>
            <ole:typeOrSource>
              <ole:pointer></ole:pointer>
              <ole:text></ole:text>
            </ole:typeOrSource>
          </ole:shelvingScheme>
          <ole:shelvingOrder>
            <ole:codeValue></ole:codeValue>
            <ole:fullValue></ole:fullValue>
            <ole:typeOrSource>
              <ole:pointer></ole:pointer>
              <ole:text></ole:text>
            </ole:typeOrSource>
          </ole:shelvingOrder>
        </ole:callNumber>
        <ole:price></ole:price>
        <ole:numberOfPieces></ole:numberOfPieces>
        <ole:itemStatus></ole:itemStatus>
        <ole:itemStatusEffectiveDate></ole:itemStatusEffectiveDate>
        <ole:checkinNote></ole:checkinNote>
        <ole:staffOnlyFlag></ole:staffOnlyFlag>
        <ole:fastAddFlag></ole:fastAddFlag>
        <ole:extension displayLabel="string">
          <!--You may enter ANY elements at this point-->
          <AnyElement/>
        </ole:extension>
      </ole:item>
    </ole:items>
    <ole:extension displayLabel="string">
      <!--You may enter ANY elements at this point-->
      <AnyElement/>
    </ole:extension>
  </ole:instance>
</ole:instanceCollection>

                ]]>
                    </content>
                    <additionalAttributes></additionalAttributes>
                    <linkedIngestDocuments></linkedIngestDocuments>
                </linkedIngestDocument>
            </linkedIngestDocuments>
        </ingestDocument>
        <ingestDocument id="3" category="work" type="bibliographic" format="marc">
            <content><![CDATA[
<collection xmlns="http://www.loc.gov/MARC21/slim">
    <record>
        <leader>as a a</leader>
        <controlfield tag="001">ocm80020317</controlfield>
        <controlfield tag="003">OCoLC</controlfield>
		<controlfield tag="005">20111111143206.9</controlfield>
		<controlfield tag="008">070125c20079999enktx p 0 a0eng cs</controlfield>
        <datafield tag="010" ind1=" " ind2=" ">
            <subfield code="a">2007248016</subfield>
        </datafield>
          <datafield tag="035" ind1=" " ind2=" ">
            <subfield code="a">(OCoLC)ocm80020317</subfield>
        </datafield>
        <datafield tag="035" ind1=" " ind2=" ">
             <subfield code="a">(OCoLC)80020317</subfield>
        </datafield>
         <datafield tag="040" ind1=" " ind2=" ">
            <subfield code="a">NYP</subfield>
			<subfield code="c">NYP</subfield>
			<subfield code="d">CFI</subfield>
			<subfield code="d">OCLCQ</subfield>
			<subfield code="d">HEBIS</subfield>
			<subfield code="d">GBVCP</subfield>
			<subfield code="d">WAU</subfield>
			<subfield code="d">UKMGB</subfield>
			<subfield code="d">IUL</subfield>
        </datafield>
        <datafield tag="015" ind1=" " ind2=" ">
            <subfield code="a">986343730|2dnb</subfield>
        </datafield>
        <datafield tag="016" ind1="7" ind2=" ">
            <subfield code="a">2396006-1|2DE-600</subfield>
        </datafield>
        <datafield tag="016" ind1="7" ind2=" ">
            <subfield code="a">013458690|2Uk</subfield>
        </datafield>
        <datafield tag="022" ind1=" " ind2=" ">
            <subfield code="a">1751-2867|l1751-2867|22</subfield>
        </datafield>
         <datafield tag="042" ind1=" " ind2=" ">
            <subfield code="a">pcc</subfield>
        </datafield>
          <datafield tag="043" ind1=" " ind2=" ">
            <subfield code="a">a-iq---</subfield>
        </datafield>
         <datafield tag="050" ind1="4" ind2="0">
            <subfield code="a">DS67|b.I58</subfield>
        </datafield>
         <datafield tag="049" ind1=" " ind2=" ">
            <subfield code="a">IULA</subfield>
         </datafield>
         <datafield tag="222" ind1=" " ind2="0">
            <subfield code="a">International journal of contemporary Iraqi studies</subfield>
			<subfield code="b">(Print)</subfield>
        </datafield>
         <datafield tag="245" ind1="0" ind2="0">
            <subfield code="a">International journal of contemporary Iraqi studies</subfield>
        </datafield>
        <datafield tag="246" ind1="1" ind2="7">
            <subfield code="a">IJCIS</subfield>
        </datafield>
        <datafield tag="260" ind1=" " ind2=" ">
            <subfield code="a">Bristol, UK :</subfield>
			<subfield code="b">Intellect,</subfield>
			<subfield code="c">c2007-</subfield>
        </datafield>
		<datafield tag="300" ind1=" " ind2=" ">
            <subfield code="a">v. ;</subfield>
			<subfield code="c">24 cm.</subfield>
        </datafield>
		<datafield tag="310" ind1=" " ind2=" ">
            <subfield code="a">Three times per year</subfield>
        </datafield>
		<datafield tag="362" ind1="1" ind2=" ">
            <subfield code="a">Began with vol. 1, no. 1 (2007).</subfield>
        </datafield>
		<datafield tag="500" ind1=" " ind2=" ">
            <subfield code="a">Title from cover.</subfield>
        </datafield>
		<datafield tag="515" ind1=" " ind2=" ">
            <subfield code="a">Some nos. combined.</subfield>
        </datafield>
		<datafield tag="588" ind1=" " ind2=" ">
            <subfield code="a">Latest issue consulted: Vol. 4, no. 3 (2010).</subfield>
        </datafield>
		<datafield tag="651" ind1=" " ind2="0">
            <subfield code="a">Iraq|vPeriodicals.</subfield>
        </datafield>
		<datafield tag="651" ind1=" " ind2="0">
            <subfield code="a">Iraq</subfield>
			<subfield code="x">Civilization</subfield>
			<subfield code="v">Periodicals.</subfield>
        </datafield>
		<datafield tag="651" ind1=" " ind2="0">
            <subfield code="a">Iraq</subfield>
			<subfield code="x">History</subfield>
			<subfield code="v">Periodicals.</subfield>
        </datafield>
		<datafield tag="776" ind1="0" ind2="8">
            <subfield code="i">Also issued online:</subfield>
			<subfield code="t">International journal of contemporary Iraqi studies (Online)</subfield>
			<subfield code="x">1751-2875|</subfield>
			<subfield code="w">(DLC) 2010253022</subfield>
			<subfield code="w">(OCoLC)94139525</subfield>
        </datafield>
		<datafield tag="891" ind1="2" ind2="0">
            <subfield code="a">|9853|81</subfield>
			<subfield code="a">v.</subfield>
			<subfield code="b">no.</subfield>
			<subfield code="u">u3</subfield>
			<subfield code="v">r</subfield>
			<subfield code="i">(year)</subfield>
			<subfield code="w">t</subfield>
        </datafield>
		<datafield tag="891" ind1="4" ind2="1">
            <subfield code="a">|9863|81.1</subfield>
			<subfield code="a">1</subfield>
			<subfield code="b">1</subfield>
			<subfield code="i">2007</subfield>
        </datafield>
		<datafield tag="596" ind1=" " ind2=" ">
            <subfield code="a">1</subfield>
        </datafield>
    </record>