
</collection>
                ]]>
            </content>
            <!--optional -->
            <additionalAttributes>
                <dateEntered></dateEntered>
                <lastUpdated></lastUpdated>
                <fastAddFlag></fastAddFlag>
                <supressFromPublic></supressFromPublic>
                <harvestable></harvestable>
                <status></status>
            </additionalAttributes>
            <linkedIngestDocuments>
                <linkedIngestDocument id="1001" category="work" type="instance" format="oleml">
                    <content><![CDATA[
        <ole:instanceCollection xmlns:ole="http://ole.kuali.org/standards/ole-instance">
  <!--1 or more repetitions:-->
  <ole:instance>
    <ole:instanceIdentifier></ole:instanceIdentifier>
    <!--Zero or more repetitions:-->
    <ole:formerResourceIdentifier>
      <ole:identifier source="string">
        <ole:identifierValue></ole:identifierValue>
      </ole:identifier>
      <ole:identifierType></ole:identifierType>
    </ole:formerResourceIdentifier>
    <ole:oleHoldings primary="string">
      <ole:holdingsIdentifier></ole:holdingsIdentifier>
      <!--Zero or more repetitions:-->
      <ole:extentOfOwnership>
        <ole:textualHoldings></ole:textualHoldings>
        <!--Zero or more repetitions:-->
        <ole:note type="string"></ole:note>
        <ole:type></ole:type>
      </ole:extentOfOwnership>
      <ole:receiptStatus></ole:receiptStatus>
      <!--Zero or more repetitions:-->
      <ole:uri resolvable="string"></ole:uri>
      <!--Zero or more repetitions:-->
      <ole:note type="string"></ole:note>
	  	<ole:location>
        <ole:locationLevel>
          <ole:name>I-LAW</ole:name>
          <ole:level>Library</ole:level>
		    <ole:locationLevel>
		     <ole:name>SOUTHEAST</ole:name>
             <ole:level>Collection</ole:level>
			    <ole:locationLevel>
			       <ole:name>B-ATM</ole:name>
                   <ole:level>SHELVING</ole:level>
			    </ole:locationLevel>
		    </ole:locationLevel>
		  </ole:locationLevel>
		</ole:location>
      <ole:extension displayLabel="string">
        <!--You may enter ANY elements at this point-->
        <AnyElement/>
      </ole:extension>
      <ole:callNumber>
        <ole:type></ole:type>
        <ole:prefix></ole:prefix>
        <ole:number>DS501 .J68</ole:number>
        <ole:classificationPart></ole:classificationPart>
        <ole:itemPart></ole:itemPart>
        <ole:shelvingScheme>
          <ole:codeValue>LCC</ole:codeValue>
          <ole:fullValue>LC-Library of Congress</ole:fullValue>
          <ole:typeOrSource>
            <ole:pointer></ole:pointer>
            <ole:text></ole:text>
          </ole:typeOrSource>
        </ole:shelvingScheme>
        <ole:shelvingOrder>
          <ole:codeValue></ole:codeValue>
          <ole:fullValue></ole:fullValue>
          <ole:typeOrSource>
            <ole:pointer></ole:pointer>
            <ole:text></ole:text>
          </ole:typeOrSource>
        </ole:shelvingOrder>
      </ole:callNumber>
    </ole:oleHoldings>
    <ole:items>
      <!--1 or more repetitions:-->
      <ole:item analytic="string" resourceIdentifier="string">
        <ole:itemIdentifier></ole:itemIdentifier>
        <ole:purchaseOrderLineItemIdentifier></ole:purchaseOrderLineItemIdentifier>
        <ole:vendorLineItemIdentifier></ole:vendorLineItemIdentifier>
        <ole:accessInformation>
          <ole:barcode></ole:barcode>
          <ole:uri resolvable="string"></ole:uri>
        </ole:accessInformation>
        <ole:barcodeARSL></ole:barcodeARSL>
        <!--Zero or more repetitions:-->
        <ole:formerIdentifier>
          <ole:identifier source="string">
            <ole:identifierValue></ole:identifierValue>
          </ole:identifier>
          <ole:identifierType></ole:identifierType>
        </ole:formerIdentifier>
        <!--Zero or more repetitions:-->
        <ole:statisticalSearchingCode>
          <ole:codeValue></ole:codeValue>
          <ole:fullValue></ole:fullValue>
          <ole:typeOrSource>
            <ole:pointer></ole:pointer>
            <ole:text></ole:text>
          </ole:typeOrSource>
        </ole:statisticalSearchingCode>
        <ole:itemType>
          <ole:fullValue></ole:fullValue>
          <ole:typeOrSource>
            <ole:pointer></ole:pointer>
            <ole:text></ole:text>
          </ole:typeOrSource>
        </ole:itemType>
        <!--Optional:-->

	<ole:location>
        <ole:locationLevel>
          <ole:name>I-MEDICINE</ole:name>
          <ole:level>Library</ole:level>
		    <ole:locationLevel>
		     <ole:name>EAST</ole:name>
             <ole:level>Collection</ole:level>
			    <ole:locationLevel>
			       <ole:name>BH-TETER</ole:name>
                   <ole:level>SHELVING</ole:level>
			    </ole:locationLevel>
		    </ole:locationLevel>
		  </ole:locationLevel>
		</ole:location>


        <ole:copyNumber></ole:copyNumber>
        <ole:copyNumberLabel></ole:copyNumberLabel>
        <ole:volumeNumber></ole:volumeNumber>
        <ole:volumeNumberLabel></ole:volumeNumberLabel>
        <ole:note type="string"></ole:note>
        <ole:enumeration>v.6</ole:enumeration>
        <ole:chronology>2002</ole:chronology>
        <ole:temporaryItemType>
          <ole:codeValue></ole:codeValue>
          <ole:fullValue></ole:fullValue>
          <ole:typeOrSource>
            <ole:pointer></ole:pointer>
            <ole:text></ole:text>
          </ole:typeOrSource>
        </ole:temporaryItemType>
        <ole:fund></ole:fund>
        <ole:donorPublicDisplay></ole:donorPublicDisplay>
        <ole:donorNote></ole:donorNote>
        <ole:callNumber>
          <ole:type></ole:type>
          <ole:prefix></ole:prefix>
          <ole:number></ole:number>
          <ole:classificationPart></ole:classificationPart>
          <ole:itemPart></ole:itemPart>
          <ole:shelvingScheme>
            <ole:codeValue></ole:codeValue>
            <ole:fullValue></ole:fullValue>
            <ole:typeOrSource>
              <ole:pointer></ole:pointer>
              <ole:text></ole:text>
            </ole:typeOrSource>
          </ole:shelvingScheme>
          <ole:shelvingOrder>
            <ole:codeValue></ole:codeValue>
            <ole:fullValue></ole:fullValue>
            <ole:typeOrSource>
              <ole:pointer></ole:pointer>
              <ole:text></ole:text>
            </ole:typeOrSource>
          </ole:shelvingOrder>
        </ole:callNumber>
        <ole:price></ole:price>
        <ole:numberOfPieces></ole:numberOfPieces>
        <ole:itemStatus></ole:itemStatus>
        <ole:itemStatusEffectiveDate></ole:itemStatusEffectiveDate>
        <ole:checkinNote></ole:checkinNote>
        <ole:staffOnlyFlag></ole:staffOnlyFlag>
        <ole:fastAddFlag></ole:fastAddFlag>
        <ole:extension displayLabel="string">
          <!--You may enter ANY elements at this point-->
          <AnyElement/>
        </ole:extension>
      </ole:item>
	  <ole:item analytic="string" resourceIdentifier="string">
        <ole:itemIdentifier></ole:itemIdentifier>
        <ole:purchaseOrderLineItemIdentifier></ole:purchaseOrderLineItemIdentifier>
        <ole:vendorLineItemIdentifier></ole:vendorLineItemIdentifier>
        <ole:accessInformation>
          <ole:barcode></ole:barcode>
          <ole:uri resolvable="string"></ole:uri>
        </ole:accessInformation>
        <ole:barcodeARSL></ole:barcodeARSL>
        <!--Zero or more repetitions:-->
        <ole:formerIdentifier>
          <ole:identifier source="string">
            <ole:identifierValue></ole:identifierValue>
          </ole:identifier>
          <ole:identifierType></ole:identifierType>
        </ole:formerIdentifier>
        <!--Zero or more repetitions:-->
        <ole:statisticalSearchingCode>
          <ole:codeValue></ole:codeValue>
          <ole:fullValue></ole:fullValue>
          <ole:typeOrSource>
            <ole:pointer></ole:pointer>
            <ole:text></ole:text>
          </ole:typeOrSource>
        </ole:statisticalSearchingCode>
        <ole:itemType>
          <ole:fullValue></ole:fullValue>
          <ole:typeOrSource>
            <ole:pointer></ole:pointer>
            <ole:text></ole:text>
          </ole:typeOrSource>
        </ole:itemType>
        <!--Optional:-->

	<ole:location>
        <ole:locationLevel>
          <ole:name>KOKOMO</ole:name>
          <ole:level>Library</ole:level>
		    <ole:locationLevel>
		     <ole:name>KOKOMO</ole:name>
             <ole:level>Collection</ole:level>
			    <ole:locationLevel>
			       <ole:name>Stacks</ole:name>
                   <ole:level>I-LAW</ole:level>
			    </ole:locationLevel>
		    </ole:locationLevel>
		  </ole:locationLevel>
		</ole:location>


        <ole:copyNumber></ole:copyNumber>
        <ole:copyNumberLabel></ole:copyNumberLabel>
        <ole:volumeNumber></ole:volumeNumber>
        <ole:volumeNumberLabel></ole:volumeNumberLabel>
        <ole:note type="string"></ole:note>
        <ole:enumeration>v.7</ole:enumeration>
        <ole:chronology>2009</ole:chronology>
        <ole:temporaryItemType>
          <ole:codeValue></ole:codeValue>
          <ole:fullValue></ole:fullValue>
          <ole:typeOrSource>
            <ole:pointer></ole:pointer>
            <ole:text></ole:text>
          </ole:typeOrSource>
        </ole:temporaryItemType>
        <ole:fund></ole:fund>
        <ole:donorPublicDisplay></ole:donorPublicDisplay>
        <ole:donorNote></ole:donorNote>
        <ole:callNumber>
          <ole:type></ole:type>
          <ole:prefix></ole:prefix>
          <ole:number></ole:number>
          <ole:classificationPart></ole:classificationPart>
          <ole:itemPart></ole:itemPart>
          <ole:shelvingScheme>
            <ole:codeValue></ole:codeValue>
            <ole:fullValue></ole:fullValue>
            <ole:typeOrSource>
              <ole:pointer></ole:pointer>
              <ole:text></ole:text>
            </ole:typeOrSource>
          </ole:shelvingScheme>
          <ole:shelvingOrder>
            <ole:codeValue></ole:codeValue>
            <ole:fullValue></ole:fullValue>
            <ole:typeOrSource>
              <ole:pointer></ole:pointer>
              <ole:text></ole:text>
            </ole:typeOrSource>
          </ole:shelvingOrder>
        </ole:callNumber>
        <ole:price></ole:price>
        <ole:numberOfPieces></ole:numberOfPieces>
        <ole:itemStatus></ole:itemStatus>
        <ole:itemStatusEffectiveDate></ole:itemStatusEffectiveDate>
        <ole:checkinNote></ole:checkinNote>
        <ole:staffOnlyFlag></ole:staffOnlyFlag>
        <ole:fastAddFlag></ole:fastAddFlag>
        <ole:extension displayLabel="string">
          <!--You may enter ANY elements at this point-->
          <AnyElement/>
        </ole:extension>
      </ole:item>
    </ole:items>
    <ole:extension displayLabel="string">
      <!--You may enter ANY elements at this point-->
      <AnyElement/>
    </ole:extension>
  </ole:instance>
</ole:instanceCollection>

                ]]>
                    </content>
                    <additionalAttributes></additionalAttributes>
                    <linkedIngestDocuments></linkedIngestDocuments>
                </linkedIngestDocument>
                <linkedIngestDocument id="1002" category="work" type="instance" format="oleml">
                    <content><![CDATA[
        <ole:instanceCollection xmlns:ole="http://ole.kuali.org/standards/ole-instance">
  <!--1 or more repetitions:-->
  <ole:instance>
    <ole:instanceIdentifier></ole:instanceIdentifier>
    <!--Zero or more repetitions:-->
    <ole:formerResourceIdentifier>
      <ole:identifier source="string">
        <ole:identifierValue></ole:identifierValue>
      </ole:identifier>
      <ole:identifierType></ole:identifierType>
    </ole:formerResourceIdentifier>
    <ole:oleHoldings primary="string">
      <ole:holdingsIdentifier></ole:holdingsIdentifier>
      <!--Zero or more repetitions:-->
      <ole:extentOfOwnership>
        <ole:textualHoldings></ole:textualHoldings>
        <!--Zero or more repetitions:-->
        <ole:note type="string"></ole:note>
        <ole:type></ole:type>
      </ole:extentOfOwnership>
      <ole:receiptStatus></ole:receiptStatus>
      <!--Zero or more repetitions:-->
      <ole:uri resolvable="string"></ole:uri>
      <!--Zero or more repetitions:-->
      <ole:note type="string"></ole:note>
	  	<ole:location>
        <ole:locationLevel>
          <ole:name>FORTWAYNE</ole:name>
          <ole:level>Library</ole:level>
		    <ole:locationLevel>
		     <ole:name>SBENDLRC</ole:name>
             <ole:level>Collection</ole:level>
			    <ole:locationLevel>
			       <ole:name>BH-MCNUTT</ole:name>
                   <ole:level>SHELVING</ole:level>
			    </ole:locationLevel>
		    </ole:locationLevel>
		  </ole:locationLevel>
		</ole:location>
      <ole:extension displayLabel="string">
        <!--You may enter ANY elements at this point-->
        <AnyElement/>
      </ole:extension>
      <ole:callNumber>
        <ole:type></ole:type>
        <ole:prefix></ole:prefix>
        <ole:number>PG3456.C5 Y68 1997</ole:number>
        <ole:classificationPart></ole:classificationPart>
        <ole:itemPart></ole:itemPart>
        <ole:shelvingScheme>
          <ole:codeValue>LCC</ole:codeValue>
          <ole:fullValue>LC-Library of Congress</ole:fullValue>
          <ole:typeOrSource>
            <ole:pointer></ole:pointer>
            <ole:text></ole:text>
          </ole:typeOrSource>
        </ole:shelvingScheme>
        <ole:shelvingOrder>
          <ole:codeValue></ole:codeValue>
          <ole:fullValue></ole:fullValue>
          <ole:typeOrSource>
            <ole:pointer></ole:pointer>
            <ole:text></ole:text>
          </ole:typeOrSource>
        </ole:shelvingOrder>
      </ole:callNumber>
    </ole:oleHoldings>
    <ole:items>
      <!--1 or more repetitions:-->
      <ole:item analytic="string" resourceIdentifier="string">
        <ole:itemIdentifier></ole:itemIdentifier>
        <ole:purchaseOrderLineItemIdentifier></ole:purchaseOrderLineItemIdentifier>
        <ole:vendorLineItemIdentifier></ole:vendorLineItemIdentifier>
        <ole:accessInformation>
          <ole:barcode></ole:barcode>
          <ole:uri resolvable="string"></ole:uri>
        </ole:accessInformation>
        <ole:barcodeARSL></ole:barcodeARSL>
        <!--Zero or more repetitions:-->
        <ole:formerIdentifier>
          <ole:identifier source="string">
            <ole:identifierValue></ole:identifierValue>
          </ole:identifier>
          <ole:identifierType></ole:identifierType>
        </ole:formerIdentifier>
        <!--Zero or more repetitions:-->
        <ole:statisticalSearchingCode>
          <ole:codeValue></ole:codeValue>
          <ole:fullValue></ole:fullValue>
          <ole:typeOrSource>
            <ole:pointer></ole:pointer>
            <ole:text></ole:text>
          </ole:typeOrSource>
        </ole:statisticalSearchingCode>
        <ole:itemType>
          <ole:fullValue></ole:fullValue>
          <ole:typeOrSource>
            <ole:pointer></ole:pointer>
            <ole:text></ole:text>
          </ole:typeOrSource>
        </ole:itemType>
        <!--Optional:-->

	<ole:location>
        <ole:locationLevel>
          <ole:name>NORTHWEST</ole:name>
          <ole:level>Library</ole:level>
		    <ole:locationLevel>
		     <ole:name>BH-COLLINS</ole:name>
             <ole:level>Collection</ole:level>
			    <ole:locationLevel>
			       <ole:name>BH-UNIONST</ole:name>
                   <ole:level>SHELVING</ole:level>
			    </ole:locationLevel>
		    </ole:locationLevel>
		  </ole:locationLevel>
		</ole:location>


        <ole:copyNumber></ole:copyNumber>
        <ole:copyNumberLabel></ole:copyNumberLabel>
        <ole:volumeNumber></ole:volumeNumber>
        <ole:volumeNumberLabel></ole:volumeNumberLabel>
        <ole:note type="string"></ole:note>
        <ole:enumeration>v.1</ole:enumeration>
        <ole:chronology>2002</ole:chronology>
        <ole:temporaryItemType>
          <ole:codeValue></ole:codeValue>
          <ole:fullValue></ole:fullValue>
          <ole:typeOrSource>
            <ole:pointer></ole:pointer>
            <ole:text></ole:text>
          </ole:typeOrSource>
        </ole:temporaryItemType>
        <ole:fund></ole:fund>
        <ole:donorPublicDisplay></ole:donorPublicDisplay>
        <ole:donorNote></ole:donorNote>
        <ole:callNumber>
          <ole:type></ole:type>
          <ole:prefix></ole:prefix>
          <ole:number></ole:number>
          <ole:classificationPart></ole:classificationPart>
          <ole:itemPart></ole:itemPart>
          <ole:shelvingScheme>
            <ole:codeValue></ole:codeValue>
            <ole:fullValue></ole:fullValue>
            <ole:typeOrSource>
              <ole:pointer></ole:pointer>
              <ole:text></ole:text>
            </ole:typeOrSource>
          </ole:shelvingScheme>
          <ole:shelvingOrder>
            <ole:codeValue></ole:codeValue>
            <ole:fullValue></ole:fullValue>
            <ole:typeOrSource>
              <ole:pointer></ole:pointer>
              <ole:text></ole:text>
            </ole:typeOrSource>
          </ole:shelvingOrder>
        </ole:callNumber>
        <ole:price></ole:price>
        <ole:numberOfPieces></ole:numberOfPieces>
        <ole:itemStatus></ole:itemStatus>
        <ole:itemStatusEffectiveDate></ole:itemStatusEffectiveDate>
        <ole:checkinNote></ole:checkinNote>
        <ole:staffOnlyFlag></ole:staffOnlyFlag>
        <ole:fastAddFlag></ole:fastAddFlag>
        <ole:extension displayLabel="string">
          <!--You may enter ANY elements at this point-->
          <AnyElement/>
        </ole:extension>
      </ole:item>
	  </ole:items>
    <ole:extension displayLabel="string">
      <!--You may enter ANY elements at this point-->
      <AnyElement/>
    </ole:extension>
  </ole:instance>
</ole:instanceCollection>

                ]]>
                    </content>
                    <additionalAttributes></additionalAttributes>
                    <linkedIngestDocuments></linkedIngestDocuments>
                </linkedIngestDocument>
                <linkedIngestDocument id="1003" category="work" type="instance" format="oleml">
                    <content><![CDATA[
                   <ole:instanceCollection xmlns:ole="http://ole.kuali.org/standards/ole-instance">
                 <!--1 or more repetitions:-->
                 <ole:instance>
                   <ole:instanceIdentifier></ole:instanceIdentifier>
                   <!--Zero or more repetitions:-->
                   <ole:formerResourceIdentifier>
                     <ole:identifier source="string">
                       <ole:identifierValue></ole:identifierValue>
                     </ole:identifier>
                     <ole:identifierType></ole:identifierType>
                   </ole:formerResourceIdentifier>
                   <ole:oleHoldings primary="string">
                        <ole:holdingsIdentifier></ole:holdingsIdentifier>
                        <!--Zero or more repetitions:-->
                        <ole:extentOfOwnership>
                        <ole:textualHoldings></ole:textualHoldings>
                        <!--Zero or more repetitions:-->
                        <ole:note type="string"></ole:note>
                        <ole:type></ole:type>
                        </ole:extentOfOwnership>
                        <ole:receiptStatus></ole:receiptStatus>
                        <!--Zero or more repetitions:-->
                        <ole:uri resolvable="string"></ole:uri>
                        <!--Zero or more repetitions:-->
                        <ole:note type="string"></ole:note>
	  	                <ole:location>
                        <ole:locationLevel>
                        <ole:name>I-ART</ole:name>
                        <ole:level>Library</ole:level>
		                <ole:locationLevel>
		                <ole:name>BH-BRISCOE</ole:name>
                        <ole:level>Collection</ole:level>
			            <ole:locationLevel>
			            <ole:name>SBENDLRC</ole:name>
                        <ole:level>SHELVING</ole:level>
			            </ole:locationLevel>
		                </ole:locationLevel>
		               </ole:locationLevel>
		               </ole:location>
                       <ole:extension displayLabel="string">
                       <!--You may enter ANY elements at this point-->
                       <AnyElement/>
                       </ole:extension>
                       <ole:callNumber>
                       <ole:type></ole:type>
                       <ole:prefix></ole:prefix>
                       <ole:number>BL2230 .J68</ole:number>
                       <ole:classificationPart></ole:classificationPart>
                       <ole:itemPart></ole:itemPart>
                       <ole:shelvingScheme>
                       <ole:codeValue>LCC</ole:codeValue>
                       <ole:fullValue>LC-Library of Congress</ole:fullValue>
                       <ole:typeOrSource>
                       <ole:pointer></ole:pointer>
                       <ole:text></ole:text>
                       </ole:typeOrSource>
                       </ole:shelvingScheme>
                       <ole:shelvingOrder>
                       <ole:codeValue></ole:codeValue>
                       <ole:fullValue></ole:fullValue>
                       <ole:typeOrSource>
                       <ole:pointer></ole:pointer>
                       <ole:text></ole:text>
                       </ole:typeOrSource>
                       </ole:shelvingOrder>
                       </ole:callNumber>
                       </ole:oleHoldings>
                   <ole:items>
                     <!--1 or more repetitions:-->
                     <ole:item analytic="string" resourceIdentifier="string">
        <ole:itemIdentifier></ole:itemIdentifier>
        <ole:purchaseOrderLineItemIdentifier></ole:purchaseOrderLineItemIdentifier>
        <ole:vendorLineItemIdentifier></ole:vendorLineItemIdentifier>
        <ole:accessInformation>
          <ole:barcode></ole:barcode>
          <ole:uri resolvable="string"></ole:uri>
        </ole:accessInformation>
        <ole:barcodeARSL></ole:barcodeARSL>
        <!--Zero or more repetitions:-->
        <ole:formerIdentifier>
          <ole:identifier source="string">
            <ole:identifierValue></ole:identifierValue>
          </ole:identifier>
          <ole:identifierType></ole:identifierType>
        </ole:formerIdentifier>
        <!--Zero or more repetitions:-->
        <ole:statisticalSearchingCode>
          <ole:codeValue></ole:codeValue>
          <ole:fullValue></ole:fullValue>
          <ole:typeOrSource>
            <ole:pointer></ole:pointer>
            <ole:text></ole:text>
          </ole:typeOrSource>
        </ole:statisticalSearchingCode>
        <ole:itemType>
          <ole:fullValue></ole:fullValue>
          <ole:typeOrSource>
            <ole:pointer></ole:pointer>
            <ole:text></ole:text>
          </ole:typeOrSource>
        </ole:itemType>
        <!--Optional:-->

	<ole:location>
        <ole:locationLevel>
          <ole:name>ONLINE</ole:name>
          <ole:level>Library</ole:level>
		    <ole:locationLevel>
		     <ole:name>BH-WILLKIE</ole:name>
             <ole:level>Collection</ole:level>
			    <ole:locationLevel>
			       <ole:name>I-DENTSTRY</ole:name>
                   <ole:level>SHELVING</ole:level>
			    </ole:locationLevel>
		    </ole:locationLevel>
		  </ole:locationLevel>
		</ole:location>


        <ole:copyNumber></ole:copyNumber>
        <ole:copyNumberLabel></ole:copyNumberLabel>
        <ole:volumeNumber></ole:volumeNumber>
        <ole:volumeNumberLabel></ole:volumeNumberLabel>
        <ole:note type="string"></ole:note>
        <ole:enumeration>v.1</ole:enumeration>
        <ole:chronology>2010</ole:chronology>
        <ole:temporaryItemType>
          <ole:codeValue></ole:codeValue>
          <ole:fullValue></ole:fullValue>
          <ole:typeOrSource>
            <ole:pointer></ole:pointer>
            <ole:text></ole:text>
          </ole:typeOrSource>
        </ole:temporaryItemType>
        <ole:fund></ole:fund>
        <ole:donorPublicDisplay></ole:donorPublicDisplay>
        <ole:donorNote></ole:donorNote>
        <ole:callNumber>
          <ole:type></ole:type>
          <ole:prefix></ole:prefix>
          <ole:number></ole:number>
          <ole:classificationPart></ole:classificationPart>
          <ole:itemPart></ole:itemPart>
          <ole:shelvingScheme>
            <ole:codeValue></ole:codeValue>
            <ole:fullValue></ole:fullValue>
            <ole:typeOrSource>
              <ole:pointer></ole:pointer>
              <ole:text></ole:text>
            </ole:typeOrSource>
          </ole:shelvingScheme>
          <ole:shelvingOrder>
            <ole:codeValue></ole:codeValue>
            <ole:fullValue></ole:fullValue>
            <ole:typeOrSource>
              <ole:pointer></ole:pointer>
              <ole:text></ole:text>
            </ole:typeOrSource>
          </ole:shelvingOrder>
        </ole:callNumber>
        <ole:price></ole:price>
        <ole:numberOfPieces></ole:numberOfPieces>
        <ole:itemStatus></ole:itemStatus>
        <ole:itemStatusEffectiveDate></ole:itemStatusEffectiveDate>
        <ole:checkinNote></ole:checkinNote>
        <ole:staffOnlyFlag></ole:staffOnlyFlag>
        <ole:fastAddFlag></ole:fastAddFlag>
        <ole:extension displayLabel="string">
          <!--You may enter ANY elements at this point-->
          <AnyElement/>
        </ole:extension>
      </ole:item>
        <ole:item analytic="string" resourceIdentifier="string">
        <ole:itemIdentifier></ole:itemIdentifier>
        <ole:purchaseOrderLineItemIdentifier></ole:purchaseOrderLineItemIdentifier>
        <ole:vendorLineItemIdentifier></ole:vendorLineItemIdentifier>
        <ole:accessInformation>
          <ole:barcode></ole:barcode>
          <ole:uri resolvable="string"></ole:uri>
        </ole:accessInformation>
        <ole:barcodeARSL></ole:barcodeARSL>
        <!--Zero or more repetitions:-->
        <ole:formerIdentifier>
          <ole:identifier source="string">
            <ole:identifierValue></ole:identifierValue>
          </ole:identifier>
          <ole:identifierType></ole:identifierType>
        </ole:formerIdentifier>
        <!--Zero or more repetitions:-->
        <ole:statisticalSearchingCode>
          <ole:codeValue></ole:codeValue>
          <ole:fullValue></ole:fullValue>
          <ole:typeOrSource>
            <ole:pointer></ole:pointer>
            <ole:text></ole:text>
          </ole:typeOrSource>
        </ole:statisticalSearchingCode>
        <ole:itemType>
          <ole:fullValue></ole:fullValue>
          <ole:typeOrSource>
            <ole:pointer></ole:pointer>
            <ole:text></ole:text>
          </ole:typeOrSource>
        </ole:itemType>
        <!--Optional:-->

	<ole:location>
        <ole:locationLevel>
          <ole:name>SBEND</ole:name>
          <ole:level>Library</ole:level>
		    <ole:locationLevel>
		     <ole:name>NORTHWEST</ole:name>
             <ole:level>Collection</ole:level>
			    <ole:locationLevel>
			       <ole:name>SBENDLRC</ole:name>
                   <ole:level>SHELVING</ole:level>
			    </ole:locationLevel>
		    </ole:locationLevel>
		  </ole:locationLevel>
		</ole:location>


        <ole:copyNumber></ole:copyNumber>
        <ole:copyNumberLabel></ole:copyNumberLabel>
        <ole:volumeNumber></ole:volumeNumber>
        <ole:volumeNumberLabel></ole:volumeNumberLabel>
        <ole:note type="string"></ole:note>
        <ole:enumeration>v.2</ole:enumeration>
        <ole:chronology>2010</ole:chronology>
        <ole:temporaryItemType>
          <ole:codeValue></ole:codeValue>
          <ole:fullValue></ole:fullValue>
          <ole:typeOrSource>
            <ole:pointer></ole:pointer>
            <ole:text></ole:text>
          </ole:typeOrSource>
        </ole:temporaryItemType>
        <ole:fund></ole:fund>
        <ole:donorPublicDisplay></ole:donorPublicDisplay>
        <ole:donorNote></ole:donorNote>
        <ole:callNumber>
          <ole:type></ole:type>
          <ole:prefix></ole:prefix>
          <ole:number></ole:number>
          <ole:classificationPart></ole:classificationPart>
          <ole:itemPart></ole:itemPart>
          <ole:shelvingScheme>
            <ole:codeValue></ole:codeValue>
            <ole:fullValue></ole:fullValue>
            <ole:typeOrSource>
              <ole:pointer></ole:pointer>
              <ole:text></ole:text>
            </ole:typeOrSource>
          </ole:shelvingScheme>
          <ole:shelvingOrder>
            <ole:codeValue></ole:codeValue>
            <ole:fullValue></ole:fullValue>
            <ole:typeOrSource>
              <ole:pointer></ole:pointer>
              <ole:text></ole:text>
            </ole:typeOrSource>
          </ole:shelvingOrder>
        </ole:callNumber>
        <ole:price></ole:price>
        <ole:numberOfPieces></ole:numberOfPieces>
        <ole:itemStatus></ole:itemStatus>
        <ole:itemStatusEffectiveDate></ole:itemStatusEffectiveDate>
        <ole:checkinNote></ole:checkinNote>
        <ole:staffOnlyFlag></ole:staffOnlyFlag>
        <ole:fastAddFlag></ole:fastAddFlag>
        <ole:extension displayLabel="string">
          <!--You may enter ANY elements at this point-->
          <AnyElement/>
        </ole:extension>
      </ole:item>
        <ole:item analytic="string" resourceIdentifier="string">
        <ole:itemIdentifier></ole:itemIdentifier>
        <ole:purchaseOrderLineItemIdentifier></ole:purchaseOrderLineItemIdentifier>
        <ole:vendorLineItemIdentifier></ole:vendorLineItemIdentifier>
        <ole:accessInformation>
          <ole:barcode></ole:barcode>
          <ole:uri resolvable="string"></ole:uri>
        </ole:accessInformation>
        <ole:barcodeARSL></ole:barcodeARSL>
        <!--Zero or more repetitions:-->
        <ole:formerIdentifier>
          <ole:identifier source="string">
            <ole:identifierValue></ole:identifierValue>
          </ole:identifier>
          <ole:identifierType></ole:identifierType>
        </ole:formerIdentifier>
        <!--Zero or more repetitions:-->
        <ole:statisticalSearchingCode>
          <ole:codeValue></ole:codeValue>
          <ole:fullValue></ole:fullValue>
          <ole:typeOrSource>
            <ole:pointer></ole:pointer>
            <ole:text></ole:text>
          </ole:typeOrSource>
        </ole:statisticalSearchingCode>
        <ole:itemType>
          <ole:fullValue></ole:fullValue>
          <ole:typeOrSource>
            <ole:pointer></ole:pointer>
            <ole:text></ole:text>
          </ole:typeOrSource>
        </ole:itemType>
        <!--Optional:-->

	<ole:location>
        <ole:locationLevel>
          <ole:name>SBENDLRC</ole:name>
          <ole:level>Library</ole:level>
		    <ole:locationLevel>
		     <ole:name>B-EDUC</ole:name>
             <ole:level>Collection</ole:level>
			    <ole:locationLevel>
			       <ole:name>BH-APTLIB</ole:name>
                   <ole:level>SHELVING</ole:level>
			    </ole:locationLevel>
		    </ole:locationLevel>
		  </ole:locationLevel>
		</ole:location>


        <ole:copyNumber></ole:copyNumber>
        <ole:copyNumberLabel></ole:copyNumberLabel>
        <ole:volumeNumber></ole:volumeNumber>
        <ole:volumeNumberLabel></ole:volumeNumberLabel>
        <ole:note type="string"></ole:note>
        <ole:enumeration>v.1</ole:enumeration>
        <ole:chronology>2001</ole:chronology>
        <ole:temporaryItemType>
          <ole:codeValue></ole:codeValue>
          <ole:fullValue></ole:fullValue>
          <ole:typeOrSource>
            <ole:pointer></ole:pointer>
            <ole:text></ole:text>
          </ole:typeOrSource>
        </ole:temporaryItemType>
        <ole:fund></ole:fund>
        <ole:donorPublicDisplay></ole:donorPublicDisplay>
        <ole:donorNote></ole:donorNote>
        <ole:callNumber>
          <ole:type></ole:type>
          <ole:prefix></ole:prefix>
          <ole:number></ole:number>
          <ole:classificationPart></ole:classificationPart>
          <ole:itemPart></ole:itemPart>
          <ole:shelvingScheme>
            <ole:codeValue></ole:codeValue>
            <ole:fullValue></ole:fullValue>
            <ole:typeOrSource>
              <ole:pointer></ole:pointer>
              <ole:text></ole:text>
            </ole:typeOrSource>
          </ole:shelvingScheme>
          <ole:shelvingOrder>
            <ole:codeValue></ole:codeValue>
            <ole:fullValue></ole:fullValue>
            <ole:typeOrSource>
              <ole:pointer></ole:pointer>
              <ole:text></ole:text>
            </ole:typeOrSource>
          </ole:shelvingOrder>
        </ole:callNumber>
        <ole:price></ole:price>
        <ole:numberOfPieces></ole:numberOfPieces>
        <ole:itemStatus></ole:itemStatus>
        <ole:itemStatusEffectiveDate></ole:itemStatusEffectiveDate>
        <ole:checkinNote></ole:checkinNote>
        <ole:staffOnlyFlag></ole:staffOnlyFlag>
        <ole:fastAddFlag></ole:fastAddFlag>
        <ole:extension displayLabel="string">
          <!--You may enter ANY elements at this point-->
          <AnyElement/>
        </ole:extension>
      </ole:item>
                   </ole:items>
                   <ole:extension displayLabel="string">
                     <!--You may enter ANY elements at this point-->
                     <AnyElement/>
                   </ole:extension>
                 </ole:instance>
               </ole:instanceCollection>
                                    		]]>
                    </content>
                    <additionalAttributes></additionalAttributes>
                    <linkedIngestDocuments></linkedIngestDocuments>
                </linkedIngestDocument>
            </linkedIngestDocuments>
        </ingestDocument>
        <ingestDocument id="4" category="work" type="bibliographic" format="marc">
            <content><![CDATA[
        <collection xmlns="http://www.loc.gov/MARC21/slim">
            <record>
                <leader>am a a</leader>
                <controlfield tag="001">ocn809250636</controlfield>
        		<controlfield tag="003">OCoLC</controlfield>
        		<controlfield tag="005">20121020090820.2</controlfield>
                <controlfield tag="008">120831s2012 cau b 000 0 eng</controlfield>
        		<datafield tag="010" ind1=" " ind2=" ">
                    <subfield code="a">2012035710</subfield>
                </datafield>
        		<datafield tag="035" ind1=" " ind2=" ">
                    <subfield code="a">OCoLC)ocn809250636</subfield>
        			<subfield code="c">(OCoLC)809250636</subfield>
                </datafield>
                <datafield tag="040" ind1=" " ind2=" ">
                     <subfield code="a">DLC</subfield>
                     <subfield code="b">eng</subfield>
                     <subfield code="c">DLC</subfield>
                     <subfield code="d">OCLCO</subfield>
                     <subfield code="d">YDXCP</subfield>
                     <subfield code="d">IXA</subfield>
                     <subfield code="d">ABC</subfield>
                     <subfield code="d">COD</subfield>
                </datafield>
        		<datafield tag="020" ind1=" " ind2=" ">
                    <subfield code="a">9780833076595 (pbk. : alk. paper)</subfield>
        			<subfield code="c">0833076590 (pbk. : alk. paper)</subfield>
                </datafield>
                 <datafield tag="042" ind1=" " ind2=" ">
                    <subfield code="a">pcc </subfield>
                </datafield>
                <datafield tag="050" ind1="0" ind2="0">
                    <subfield code="a">U241</subfield>
                    <subfield code="b">.L63 2012</subfield>
                </datafield>
                <datafield tag="082" ind1="0" ind2="8">
                    <subfield code="a">355.3/51|223</subfield>
                </datafield>
                 <datafield tag="049" ind1=" " ind2="">
                    <subfield code="a">DIULA</subfield>
                </datafield>
                 <datafield tag="245" ind1="0" ind2="0">
                    <subfield code="a">Locals rule :</subfield>
                    <subfield code="b">historical lessons for creating local defense forces for Afghanistan and beyond </subfield>
                    <subfield code="c">Austin Long ... [et al.].</subfield>
                </datafield>
                 <datafield tag="246" ind1="3" ind2="0">
                    <subfield code="a">Historical lessons for creating local defense forces for Afghanistan and beyond</subfield>
                </datafield>
                 <datafield tag="260" ind1=" " ind2=" ">
                    <subfield code="a">Santa Monica, CA :</subfield>
                    <subfield code="b">RAND/National Defense Research Institute,</subfield>
                    <subfield code="c">c2012.</subfield>
                </datafield>
                 <datafield tag="300" ind1=" " ind2=" ">
                    <subfield code="a">xxii, 208 p. ;</subfield>
                    <subfield code="c">23 cm.</subfield>
                </datafield>
                <datafield tag="490" ind1="1" ind2=" ">
                    <subfield code="a">RAND Corporation monograph series</subfield>
                </datafield>
                <datafield tag="500" ind1=" " ind2=" ">
                    <subfield code="a">"Prepared for the Special Operations Joint Task Force--Afghanistan."</subfield>
                </datafield>
        		<datafield tag="504" ind1=" " ind2=" ">
                    <subfield code="a">Includes bibliographical references (p. 187-208).</subfield>
                </datafield>
        		<datafield tag="505" ind1="0" ind2=" ">
                    <subfield code="a">Executive summary -- Historical examples of local defense forces in COIN campaigns -- Comparative analysis and lessons learned -- Applying these lessons to Afghanistan -- Acknowledgments -- Glossary, list of symbols, etc. -- Introduction -- Indochina -- The organization of auxiliary forces -- Special purpose auxiliaries -- Auxiliaries and the end of the French war -- Motivations for using auxiliaries -- Assessment -- Conclusion -- Algeria -- Local defense in the Maghreb -- Evolution of the different forces -- The Evian accords and the fate of local defense forces -- Assessment -- Conclusion -- South Vietnam -- Civilian irregular defense groups -- Combined action platoons -- RF/PFs, PSDF, and the Accelerated Pacification Campaign -- Conclusion and assessment -- Oman -- Oman, Dhofar, and Britain before 1970 -- The coup and emergence of local defense, 1970-1971 -- The tide turns and local defense matures, 1972-1974 -- Victory and transformation of the Firqats, 1975-1985 -- Conclusion and assessment -- El Salvador -- Problems of civil defense -- Conclusion and assessment -- Southern Lebanon -- Israeli operations and the evolution of the security zone -- 1978-1982: the consolidation of the Free Lebanon Army -- 1982-2000: expansion, professionalization, and collapse -- Conclusion and assessment -- The Soviets in Afghanistan -- Modernity beckons: Afghanistan in the 1970s -- A house divided: the Afghan government 1980-1987 -- Local defense in the DRA, 1980-1987 -- Soviet "surge" and withdrawal: 1987-1989 -- Najibullah's tight rope 1990-1991 -- Kabul burning, 1992-1993 -- Conclusion and assessment -- Iraq -- Early local defense forces in Anbar province (2005/2006) -- The Anbar awakening and the Sons of Iraq -- Reintegrating the Sons of Iraq (2008/2009) -- Strengths of local defense in Iraq -- Conclusion and assessment -- Lessons learned from historical cases and applications to the Afghan local police -- Lessons learned -- Lesson one: Manage the trilateral relationship -- Lesson two: Capitalize on intelligence collection -- Lesson three: beware of local history -- Lesson four: Maintain relationships with conventional security forces -- Lesson five: Leverage other government agencies -- Lesson six: Transition forces with care -- Lesson seven: Avoid insurgent strongholds -- Other lessons -- Local defense in Afghanistan after 2008 -- Conclusion: The application of lessons to Afghan local police.</subfield>
                </datafield>
        		<datafield tag="520" ind1=" " ind2="0">
                    <subfield code="a">"Local defense forces have played a key role in counterinsurgencies throughout the 20th century. With the recent development of the Afghan Local Police (ALP) as a major part of the U.S.-led counterinsurgency campaign in Afghanistan, lessons learned from earlier efforts to build local defense have become increasingly salient. This study examines eight cases of local defense forces used in the context of counterinsurgency in Indochina, Algeria, South Vietnam, Oman, El Salvador, Southern Lebanon, Afghanistan, and Iraq. It covers an extensive time period (from 1945 to the present) and geographic scope, as well as a wide range of intervening countries and regimes, including the United States, the United Kingdom, France, Israel, and the Soviet Union. The authors compare the lessons learned from these eight cases and apply them to the current development of the ALP, in order to outline potential challenges and to suggest a way forward that takes into account the historical experience."--P. [4] of cover.</subfield>
                </datafield>
        		<datafield tag="650" ind1="0" ind2=" ">
                    <subfield code="a">Counterinsurgency</subfield>
                    <subfield code="v">Case studies.</subfield>
        			<subfield code="d">Paramilitary forces</subfield>
        			<subfield code="c">Combined operations (Military science)</subfield>
        			<subfield code="e"> Internal security</subfield>
                </datafield>
        		<datafield tag="700" ind1="1" ind2=" ">
                    <subfield code="a">Long, Austin G.</subfield>
                </datafield>
        		<datafield tag="830" ind1="0" ind2=" ">
                    <subfield code="a">Rand Corporation monograph series.</subfield>
                </datafield>
        		<datafield tag="856" ind1="4" ind2="1">
                    <subfield code="z">Link to electronic resource</subfield>
                    <subfield code="u">http://www.rand.org/content/dam/rand/pubs/monographs/2012/RAND_MG1232.pdf</subfield>
                </datafield>
        		<datafield tag="856" ind1="4" ind2="2">
                    <subfield code="a">|3(Summary)</subfield>
                    <subfield code="u">http://www.rand.org/content/dam/rand/pubs/monographs/2012/RAND_MG1232.sum.pdf YBP Library Services|bYANK|n9653935</subfield>
                    <subfield code="b">YANK</subfield>
                    <subfield code="n">9653935</subfield>
                </datafield>
        		<datafield tag="596" ind1=" " ind2=" ">
                    <subfield code="a">1</subfield>
                </datafield>
            </record>
        </collection>

                                          ]]>
            </content>
            <!--optional -->
            <additionalAttributes>
                <dateEntered></dateEntered>
                <lastUpdated></lastUpdated>
                <fastAddFlag></fastAddFlag>
                <supressFromPublic></supressFromPublic>
                <harvestable></harvestable>
                <status></status>
            </additionalAttributes>
            <linkedIngestDocuments>
                <linkedIngestDocument id="1001" category="work" type="instance" format="oleml">
                    <content><![CDATA[
               <ole:instanceCollection xmlns:ole="http://ole.kuali.org/standards/ole-instance">
          <!--1 or more repetitions:-->
          <ole:instance>
            <ole:instanceIdentifier></ole:instanceIdentifier>
            <!--Zero or more repetitions:-->
            <ole:formerResourceIdentifier>
              <ole:identifier source="string">
                <ole:identifierValue></ole:identifierValue>
              </ole:identifier>
              <ole:identifierType></ole:identifierType>
            </ole:formerResourceIdentifier>
            <ole:oleHoldings primary="string">
      <ole:holdingsIdentifier></ole:holdingsIdentifier>
      <!--Zero or more repetitions:-->
      <ole:extentOfOwnership>
        <ole:textualHoldings></ole:textualHoldings>
        <!--Zero or more repetitions:-->
        <ole:note type="string"></ole:note>
        <ole:type></ole:type>
      </ole:extentOfOwnership>
      <ole:receiptStatus></ole:receiptStatus>
      <!--Zero or more repetitions:-->
      <ole:uri resolvable="string"></ole:uri>
      <!--Zero or more repetitions:-->
      <ole:note type="string"></ole:note>
	  	<ole:location>
        <ole:locationLevel>
          <ole:name>B-CEDIR</ole:name>
          <ole:level>Library</ole:level>
		    <ole:locationLevel>
		     <ole:name>BH-MCNUTT</ole:name>
             <ole:level>Collection</ole:level>
			    <ole:locationLevel>
			       <ole:name>BH-UNIONST</ole:name>
                   <ole:level>SHELVING</ole:level>
			    </ole:locationLevel>
		    </ole:locationLevel>
		  </ole:locationLevel>
		</ole:location>
      <ole:extension displayLabel="string">
        <!--You may enter ANY elements at this point-->
        <AnyElement/>
      </ole:extension>
      <ole:callNumber>
        <ole:type></ole:type>
        <ole:prefix></ole:prefix>
        <ole:number>HD70.B55 B53</ole:number>
        <ole:classificationPart></ole:classificationPart>
        <ole:itemPart></ole:itemPart>
        <ole:shelvingScheme>
          <ole:codeValue>LCC</ole:codeValue>
          <ole:fullValue>LC-Library of Congress</ole:fullValue>
          <ole:typeOrSource>
            <ole:pointer></ole:pointer>
            <ole:text></ole:text>
          </ole:typeOrSource>
        </ole:shelvingScheme>
        <ole:shelvingOrder>
          <ole:codeValue></ole:codeValue>
          <ole:fullValue></ole:fullValue>
          <ole:typeOrSource>
            <ole:pointer></ole:pointer>
            <ole:text></ole:text>
          </ole:typeOrSource>
        </ole:shelvingOrder>
      </ole:callNumber>
    </ole:oleHoldings>
            <ole:items>
              <!--1 or more repetitions:-->
              <ole:item analytic="string" resourceIdentifier="string">
        <ole:itemIdentifier></ole:itemIdentifier>
        <ole:purchaseOrderLineItemIdentifier></ole:purchaseOrderLineItemIdentifier>
        <ole:vendorLineItemIdentifier></ole:vendorLineItemIdentifier>
        <ole:accessInformation>
          <ole:barcode></ole:barcode>
          <ole:uri resolvable="string"></ole:uri>
        </ole:accessInformation>
        <ole:barcodeARSL></ole:barcodeARSL>
        <!--Zero or more repetitions:-->
        <ole:formerIdentifier>
          <ole:identifier source="string">
            <ole:identifierValue></ole:identifierValue>
          </ole:identifier>
          <ole:identifierType></ole:identifierType>
        </ole:formerIdentifier>
        <!--Zero or more repetitions:-->
        <ole:statisticalSearchingCode>
          <ole:codeValue></ole:codeValue>
          <ole:fullValue></ole:fullValue>
          <ole:typeOrSource>
            <ole:pointer></ole:pointer>
            <ole:text></ole:text>
          </ole:typeOrSource>
        </ole:statisticalSearchingCode>
        <ole:itemType>
          <ole:fullValue></ole:fullValue>
          <ole:typeOrSource>
            <ole:pointer></ole:pointer>
            <ole:text></ole:text>
          </ole:typeOrSource>
        </ole:itemType>
        <!--Optional:-->

	<ole:location>
        <ole:locationLevel>
          <ole:name>B-CHEM</ole:name>
          <ole:level>Library</ole:level>
		    <ole:locationLevel>
		     <ole:name>B-GEOMAP</ole:name>
             <ole:level>Collection</ole:level>
			    <ole:locationLevel>
			       <ole:name>B-CHEM</ole:name>
                   <ole:level>SHELVING</ole:level>
			    </ole:locationLevel>
		    </ole:locationLevel>
		  </ole:locationLevel>
		</ole:location>


        <ole:copyNumber></ole:copyNumber>
        <ole:copyNumberLabel></ole:copyNumberLabel>
        <ole:volumeNumber></ole:volumeNumber>
        <ole:volumeNumberLabel></ole:volumeNumberLabel>
        <ole:note type="string"></ole:note>
        <ole:enumeration>v.1</ole:enumeration>
        <ole:chronology>2002</ole:chronology>
        <ole:temporaryItemType>
          <ole:codeValue></ole:codeValue>
          <ole:fullValue></ole:fullValue>
          <ole:typeOrSource>
            <ole:pointer></ole:pointer>
            <ole:text></ole:text>
          </ole:typeOrSource>
        </ole:temporaryItemType>
        <ole:fund></ole:fund>
        <ole:donorPublicDisplay></ole:donorPublicDisplay>
        <ole:donorNote></ole:donorNote>
        <ole:callNumber>
          <ole:type></ole:type>
          <ole:prefix></ole:prefix>
          <ole:number></ole:number>
          <ole:classificationPart></ole:classificationPart>
          <ole:itemPart></ole:itemPart>
          <ole:shelvingScheme>
            <ole:codeValue></ole:codeValue>
            <ole:fullValue></ole:fullValue>
            <ole:typeOrSource>
              <ole:pointer></ole:pointer>
              <ole:text></ole:text>
            </ole:typeOrSource>
          </ole:shelvingScheme>
          <ole:shelvingOrder>
            <ole:codeValue></ole:codeValue>
            <ole:fullValue></ole:fullValue>
            <ole:typeOrSource>
              <ole:pointer></ole:pointer>
              <ole:text></ole:text>
            </ole:typeOrSource>
          </ole:shelvingOrder>
        </ole:callNumber>
        <ole:price></ole:price>
        <ole:numberOfPieces></ole:numberOfPieces>
        <ole:itemStatus></ole:itemStatus>
        <ole:itemStatusEffectiveDate></ole:itemStatusEffectiveDate>
        <ole:checkinNote></ole:checkinNote>
        <ole:staffOnlyFlag></ole:staffOnlyFlag>
        <ole:fastAddFlag></ole:fastAddFlag>
        <ole:extension displayLabel="string">
          <!--You may enter ANY elements at this point-->
          <AnyElement/>
        </ole:extension>
      </ole:item>
            </ole:items>
            <ole:extension displayLabel="string">
              <!--You may enter ANY elements at this point-->
              <AnyElement/>
            </ole:extension>
          </ole:instance>
        </ole:instanceCollection>
                             		]]>
                    </content>
                    <additionalAttributes></additionalAttributes>
                    <linkedIngestDocuments></linkedIngestDocuments>
                </linkedIngestDocument>
            </linkedIngestDocuments>
        </ingestDocument>
    </requestDocuments>
</request>